 %Internetseite
@website{SG_Markt,
	key					={},
	author				={{Dr. Ingo Mecke}},
	title				={{M}arkt im {G}abler {W}irtschaftslexikon},
	medium				={Online},
	publisher			={Springer Gabler},
	URL	  				={http://wirtschaftslexikon.gabler.de/Definition/markt.html},
	URLDate				={21.11.2017},
}

 %Internetseite
@website{SG_VentureCapital,
	key					={},
	author				={{Prof. Dr. Wolfgang Breuer}},
	title				={{V}enture-{C}apital im {G}abler {W}irtschaftslexikon},
	medium				={Online},
	publisher			={Springer Gabler},
	URL	  				={http://wirtschaftslexikon.gabler.de/Definition/venture-capital.html},
	URLDate				={21.11.2017},
}

 %Internetseite
@website{EZ_WKO,
	key					={WKO_Einzelunternehmen},
	author				={},
	title				={{E}inzelunternehmen auf  {G}r{\"u}nderservice.at},
	medium				={Online},
	publisher			={Wirtschaftskammer Österreich},
	URL	  				={https://www.wko.at/service/wirtschaftsrecht-gewerberecht/Einzelunternehmen.html},
	URLDate				={21.11.2017},
}

 %Internetseite
@website{Duden_Eigenkapital,
	key					={Duden_Eigenkapital},
	author				={{Dudenredaktion}},
	title				={{E}igenkapital auf {D}uden online},
	medium				={Online},
	publisher			={Bibliographisches Institut GmbH},
	year				={},
	URL	  				={https://www.duden.de/node/712646/revisions/1381004/view},
	URLDate				={21.11.2017},
}

 %Internetseite
@website{WKO_Eigenkapital,
	key					={WKO_Eigenkapital},
	author				={},
	title				={{F}inanzierung mit {E}igenkapital auf {G}r{\"u}nderservice.at},
	medium				={Online},
	publisher			={Wirtschaftskammer Österreich},
	year				={},
	URL	  				={https://www.gruenderservice.at/site/gruenderservice/planung/Finanzierung_mit_Eigenkapital.html},
	URLDate				={21.11.2017},
}

 %Internetseite
@website{BusinessAngles_Def,
	key					={WKO_BusinessAngles},
	author				={},
	title				={{B}usiness {A}ngles auf {G}r{\"u}nderservice.at},
	medium				={Online},
	publisher			={Wirtschaftskammer Österreich},
	year				={},
	URL	  				={https://www.gruenderservice.at/site/gruenderservice/planung/Business_Angels.html},
	URLDate				={21.11.2017},
}

 %Internetseite
@website{Crowdfunding_Def,
	key					={WKO_Crowdfunding},
	author				={},
	title				={{C}rowdfunding auf {G}r{\"u}nderservice.at},
	medium				={Online},
	publisher			={Wirtschaftskammer Österreich},
	year				={},
	URL	  				={https://www.gruenderservice.at/site/gruenderservice/planung/Crowdfunding1.html},
	URLDate				={21.11.2017},
}

 %Internetseite
@website{WKO_Fremdkapital,
	key					={WKO_Fremdkapital},
	author				={},
	title				={{F}inanzierung mit {F}remdkapital auf {G}r{\"u}nderservice.at},
	medium				={Online},
	publisher			={Wirtschaftskammer Österreich},
	year				={},
	URL	  				={https://www.gruenderservice.at/site/gruenderservice/planung/Finanzierung_mit_Fremdkapital.html},
	URLDate				={21.11.2017},
}

 %Internetseite
@website{WKO_Bankkredit,
	key					={WKO_Bankkredit},
	author				={},
	title				={{B}ankkredit auf {G}r{\"u}nderservice.at},
	medium				={Online},
	publisher			={Wirtschaftskammer Österreich},
	year				={},
	URL	  				={https://www.gruenderservice.at/site/gruenderservice/planung/Bankkredit.html},
	URLDate				={21.11.2017},
}

 %Internetseite
@website{WKO_Funds,
	key					={WKO_Fundings},
	author				={},
	title				={{F}{\"o}rderungen auf {G}r{\"u}nderservice.at},
	medium				={Online},
	publisher			={Wirtschaftskammer Österreich},
	year				={},
	URL	  				={https://www.gruenderservice.at/site/gruenderservice/planung/Foerderungen.html},
	URLDate				={21.11.2017},
}

 %Internetseite
@website{ID_Sproing,
	key					={},
	author				={{Alexander Amon}, {Michael Hartinger}, {Stefan Malzner}},
	title				={{S}proing auf indiegame.at},
	medium				={Online},
	publisher			={Indiegame.at},
	year				={},
	URL	  				={http://www.indiegame.at/studios/sproing-interactive-medie-gmbh/},
	URLDate				={21.11.2017},
}

 %Internetseite
@website{STD_Sproing,
	key					={},
	author				={{derStandard.at Redaktion}},
	title				={{{\"O}}sterreichs gr{\"o}sster {S}pielehersteller {S}proing ist insolvent"},
	medium				={Online},
	publisher			={derStandard.at},
	year				={},
	URL	  				={http://derstandard.at/2000048205541/Oesterreichs-groesster-Spielhersteller-Sproing-ist-insolvent},
	URLDate				={21.11.2017},
}

 %Internetseite
@website{MIPUMI,
	key					={Mipumi},
	author				={},
	title				={{About MiPuMi} auf mipumi.at},
	medium				={Online},
	publisher			={Mi'Pu'Mi},
	year				={},
	URL	  				={http://www.mipumi.com/about.html},
	URLDate				={21.11.2017},
}

 %Internetseite
@website{GK_Privs,
	key					={GK_Priviledges},
	author				={{Bundeskanzleramt Österreich}},
	title				={{Gr{\"u}ndungsprivilegien einer GmbH}},
	medium				={Online},
	publisher			={Bundeskanzleramt Österreich},
	year				={},
	URL	  				={https://www.help.gv.at/Portal.Node/hlpd/public/content/232/Seite.2320440.html},
	URLDate				={21.11.2017},
}