@book{ProgrammingRust,
	author			={{Jim Blandy}, {Jason Orendorff}},
	editor			={},
	title			={Programming Rust},
	bookTitle		={Programming Rust},
	edition			={10},
	year			={2017},
	publisher		={Oâ€™Reilly Media, Inc.},
	address			={1005 Gravenstein Highway North, Sebastopol, CA 95472},
	pages			={},
	isbn			={},
	doi				={},
	url				={https://www.safaribooksonline.com/library/view/programming-rust/9781491927274/ch01.html}
}

@book{Stroustrup2005,
	author			={Stroustrup, Bjarne},
	editor			={Wu, Zhaohui and Chen, Chun and Guo, Minyi and Bu, Jiajun},
	title			={Abstraction and the C++ Machine Model},
	bookTitle		={Embedded Software and Systems: First International Conference, ICESS 2004, Hangzhou, China, December 9-10, 2004, Revised Selected Papers},
	year			={2005},
	publisher		={Springer Berlin Heidelberg},
	address			={Berlin, Heidelberg},
	pages			={1--13},
	isbn			={978-3-540-31823-1},
	doi				={10.1007/11535409_1},
	url				={https://doi.org/10.1007/11535409_1}
}

@misc{CppMove,
	author = "cppreference.com",
	year   = 2015,
	title  = "{C++ Move Semantics}",
	howpublished = "\url{http://en.cppreference.com/w/cpp/language/move_constructor}", 
	note   = "Last accessed 2017-12-03",
}
